@article{martinez2024,
  author = {Martinez, A. and Lee, S.},
  title = {{XAI-PdM}: An Explainable {AI} Framework for {IoT}-Based Predictive Maintenance Systems},
  journal = {IEEE Transactions on Industrial Informatics},
  volume = {20},
  number = {3},
  pages = {1823--1834},
  year = {2024}
}

@article{wang2024,
  author = {Wang, L. and Zhou, X. and Yang, Y.},
  title = {{SecureIoT}: A Blockchain-Based Framework for Secure Industrial Maintenance Data Sharing},
  journal = {IEEE Internet of Things Journal},
  volume = {11},
  number = {2},
  pages = {1452--1467},
  year = {2024}
}

@article{zhang2023,
  author = {Zhang, M. and Li, X. and Wang, H.},
  title = {A Deep Learning Framework for Remaining Useful Life Prediction in Industrial {IoT} Sensor Networks},
  journal = {IEEE Transactions on Reliability},
  volume = {72},
  number = {4},
  pages = {1178--1192},
  year = {2023}
}

@article{kim2023,
  author = {Kim, S.H. and Park, J.},
  title = {{EFRAME}: An Edge Computing-Based Framework for Real-Time Predictive Maintenance in Smart Manufacturing Systems},
  journal = {IEEE Transactions on Industrial Electronics},
  volume = {70},
  number = {9},
  pages = {9234--9245},
  year = {2023}
}

@article{johnson2023,
  author = {Johnson, R. and Smith, K. and Davis, M.},
  title = {Cross-Domain Knowledge Transfer for Fault Detection: A Transfer Learning Approach to Industrial {IoT} Systems},
  journal = {IEEE Transactions on Neural Networks and Learning Systems},
  volume = {34},
  number = {8},
  pages = {3987--4001},
  year = {2023}
}

@article{liu2023,
  author = {Liu, Y. and Chen, W. and Zhang, T.},
  title = {{FedPM}: A Federated Learning Architecture for Privacy-Preserved Predictive Maintenance in Industry 4.0},
  journal = {IEEE Transactions on Information Forensics and Security},
  volume = {18},
  pages = {2145--2160},
  year = {2023}
}

@article{chen2023,
  author = {Chen, H. and Wu, J. and Li, Q.},
  title = {Digital Twin-Driven Predictive Maintenance: An Integrated Approach Using {IoT} and Machine Learning},
  journal = {IEEE Transactions on Automation Science and Engineering},
  volume = {20},
  number = {1},
  pages = {362--376},
  year = {2023}
}

@article{williams2023,
  author = {Williams, P. and Anderson, T. and Brown, R.},
  title = {Multi-Sensor Data Fusion for Enhanced Fault Diagnosis in Industrial Machinery: A Deep Learning Approach},
  journal = {IEEE Sensors Journal},
  volume = {23},
  number = {12},
  pages = {11823--11835},
  year = {2023}
}

@article{singh2023,
  author = {Singh, R. and Patel, V. and Kumar, A.},
  title = {Low-Power {IoT} Architecture for Continuous Machine Health Monitoring in Industrial Settings},
  journal = {IEEE Internet of Things Journal},
  volume = {10},
  number = {9},
  pages = {8645--8659},
  year = {2023}
}

@article{brown2024,
  author = {Brown, D. and Thompson, E. and Wilson, J.},
  title = {Hybrid Physics-Informed Neural Networks for Predictive Maintenance in Industrial Systems},
  journal = {IEEE Transactions on Knowledge and Data Engineering},
  volume = {36},
  number = {4},
  pages = {1587--1601},
  year = {2024}
}

@book{box2015,
  author = {Box, G.E. and Jenkins, G.M. and Reinsel, G.C.},
  title = {Time Series Analysis: Forecasting and Control},
  publisher = {John Wiley \& Sons},
  year = {2015}
}

@book{hastie2009,
  author = {Hastie, T. and Tibshirani, R. and Friedman, J.},
  title = {The Elements of Statistical Learning: Data Mining, Inference, and Prediction},
  publisher = {Springer Science \& Business Media},
  year = {2009}
}

@inproceedings{liu2008,
  author = {Liu, F.T. and Ting, K.M. and Zhou, Z.H.},
  title = {Isolation Forest},
  booktitle = {2008 Eighth IEEE International Conference on Data Mining},
  pages = {413--422},
  organization = {IEEE},
  year = {2008}
}

@book{mobley2002,
  author = {Mobley, R.K.},
  title = {An Introduction to Predictive Maintenance},
  publisher = {Butterworth-Heinemann},
  year = {2002}
}

@article{wuest2016,
  author = {Wuest, T. and Weimer, D. and Irgens, C. and Thoben, K.D.},
  title = {Machine Learning in Manufacturing: Advantages, Challenges, and Applications},
  journal = {Production \& Manufacturing Research},
  volume = {4},
  number = {1},
  pages = {23--45},
  year = {2016}
}